%%Semantic image segmentation
@INBOOK {digital_image_processing,
    author = {C Gonzalez, Rafael and E Woods, Richard},
    title = {Digital Image Processing (2nd Edition)},
    chapter   = "Image Segmentation",
    publisher = "New Jersey. Prentice Hall",
    year      = "2002",
    month = {01},
    isbn = {0201180758}
}

@INBOOK {segmentation_methods_descriptors_2,
    author    = "Fan, Bin and Wang, Zhenhua and Wu, Fuchao",
    title     = "Local Image Descriptor: Modern Approaches",
    chapter   = "Classical Local Descriptors",
    year      = "2015",
    month = {01},
    pages = {},
    doi = {10.1007/978-3-662-49173-7}
}

@inproceedings{decision_forests,
    author = {Ho, Tin Kam},
    title = {Random Decision Forests},
    booktitle = {Proceedings of the Third International Conference on Document Analysis and Recognition (Volume 1) - Volume 1},
    series = {ICDAR '95},
    year = {1995},
    isbn = {0-8186-7128-9},
    pages = {278--},
    url = {http://dl.acm.org/citation.cfm?id=844379.844681},
    acmid = {844681},
    publisher = {IEEE Computer Society},
    address = {Washington, DC, USA},
} 

@BOOK {Glasbey_segmentation,
 author = {Glasbey, C. A. and Horgan, G. W.},
 title = {Image Analysis for the Biological Sciences},
 year = {1995},
 isbn = {0-471-93726-6},
} 


@article{segmentation_methods_descriptors,
author = {Nanni, Loris and Ghidoni, Stefano and Brahnam, Sheryl},
year = {2017},
month = {06},
pages = {},
title = {Handcrafted vs Non-Handcrafted Features for computer vision classification},
volume = {71},
journal = {Pattern Recognition},
doi = {10.1016/j.patcog.2017.05.025}
}

@article{Cortes1995,
    author="Cortes, Corinna
    and Vapnik, Vladimir",
    title="Support-Vector Networks",
    journal="Machine Learning",
    year="1995",
    month="Sep",
    day="01",
    volume="20",
    number="3",
    pages="273--297",
    issn="1573-0565",
    doi="10.1023/A:1022627411411",
    url="https://doi.org/10.1023/A:1022627411411"
}

@incollection{deep_learning_Ciresan,
    title = {Deep Neural Networks Segment Neuronal Membranes in Electron Microscopy Images},
    author = {Dan Ciresan and Alessandro Giusti and Luca M. Gambardella and Schmidhuber, J\"{u}rgen},
    booktitle = {Advances in Neural Information Processing Systems 25},
    editor = {F. Pereira and C. J. C. Burges and L. Bottou and K. Q. Weinberger},
    pages = {2843--2851},
    year = {2012},
    publisher = {Curran Associates, Inc.},
    url = {http://papers.nips.cc/paper/4741-deep-neural-networks-segment-neuronal-membranes-in-electron-microscopy-images.pdf}
}

@INPROCEEDINGS{cnn_shelhamer, 
    author={J. Long and E. Shelhamer and T. Darrell}, 
    booktitle={2015 IEEE Conference on Computer Vision and Pattern Recognition (CVPR)}, 
    title={Fully convolutional networks for semantic segmentation}, 
    year={2015}, 
    volume={}, 
    number={}, 
    pages={3431-3440}, 
    keywords={image classification;image segmentation;inference mechanisms;learning (artificial intelligence);fully convolutional networks;semantic segmentation;visual models;pixels-to-pixels;inference;learning;contemporary classification networks;PASCAL VOC;NYUDv2;SIFT flow;Semantics;Training;Convolution;Image segmentation;Computer architecture;Deconvolution;Adaptation models}, 
    doi={10.1109/CVPR.2015.7298965}, 
    ISSN={1063-6919}, 
month={June},}


@article{cnn_liang,
  author    = {Liang{-}Chieh Chen and
               George Papandreou and
               Iasonas Kokkinos and
               Kevin Murphy and
               Alan L. Yuille},
  title     = {Semantic Image Segmentation with Deep Convolutional Nets and Fully Connected CRFs},
  journal   = {CoRR},
  volume    = {abs/1412.7062},
  year      = {2014},
  url       = {http://arxiv.org/abs/1412.7062},
  archivePrefix = {arXiv},
  eprint    = {1412.7062},
  timestamp = {Mon, 13 Aug 2018 16:46:27 +0200},
  biburl    = {https://dblp.org/rec/bib/journals/corr/ChenPKMY14},
  bibsource = {dblp computer science bibliography, https://dblp.org}
}


%% Structured prediction
@inproceedings{markov_altun,
 author = {Altun, Yasemin and Tsochantaridis, Ioannis and Hofmann, Thomas},
 title = {Hidden Markov Support Vector Machines},
 booktitle = {Proceedings of the Twentieth International Conference on International Conference on Machine Learning},
 series = {ICML'03},
 year = {2003},
 isbn = {1-57735-189-4},
 location = {Washington, DC, USA},
 pages = {3--10},
 numpages = {8},
 url = {http://dl.acm.org/citation.cfm?id=3041838.3041839},
 acmid = {3041839},
 publisher = {AAAI Press},
} 

@inproceedings{graph_liu,
 author = {Liu, Yan and Xing, Eric P. and Carbonell, Jaime},
 title = {Predicting Protein Folds with Structural Repeats Using a Chain Graph Model},
 booktitle = {Proceedings of the 22Nd International Conference on Machine Learning},
 series = {ICML '05},
 year = {2005},
 isbn = {1-59593-180-5},
 location = {Bonn, Germany},
 pages = {513--520},
 numpages = {8},
 url = {http://doi.acm.org/10.1145/1102351.1102416},
 doi = {10.1145/1102351.1102416},
 acmid = {1102416},
 publisher = {ACM},
 address = {New York, NY, USA},
} 

@article{crf_torralba,
    author = {Torralba, Antonio and Murphy, Kevin and T. Freeman, William},
    year = {2004},
    month = {10},
    pages = {},
    title = {Contextual models for object detection using boosted random fields},
    journal = {NIPS}
}


@article{causality_pearl,
    author = {Pearl, Judea},
    year = {2000},
    month = {01},
    pages = {},
    title = {Causality: Models, reasoning, and inference, second edition},
    volume = {29},
    journal = {Causality},
    doi = {10.1017/CBO9780511803161}
}

@article{clique,
    author = {Pardalos, Panos and Xue, Jue},
    year = {1994},
    month = {04},
    pages = {301-328},
    title = {The Maximum Clique Problem},
    volume = {4},
    journal = {Journal of Global Optimization},
    doi = {10.1007/BF01098364}
}

@phdthesis{factor_graphs_chopra,
 author = {Chopra, Sumit Prakash},
 advisor = {Lecun, Yann},
 title = {Factor Graphs for Relational Regression},
 year = {2008},
 isbn = {978-1-109-90255-6},
 publisher = {New York University},
 address = {New York, NY, USA},
} 

@article{crf_sutton,
    author = {Sutton, Charles and McCallum, Andrew},
    title = {An Introduction to Conditional Random Fields},
    journal = {Found. Trends Mach. Learn.},
    issue_date = {April 2012},
    volume = {4},
    number = {4},
    month = apr,
    year = {2012},
    issn = {1935-8237},
    pages = {267--373},
    numpages = {107},
    url = {http://dx.doi.org/10.1561/2200000013},
    doi = {10.1561/2200000013},
    acmid = {2688181},
    publisher = {Now Publishers Inc.},
    address = {Hanover, MA, USA},
} 

@inproceedings{crf_lafferty,
    author = {Lafferty, John D. and McCallum, Andrew and Pereira, Fernando C. N.},
    title = {Conditional Random Fields: Probabilistic Models for Segmenting and Labeling Sequence Data},
    booktitle = {Proceedings of the Eighteenth International Conference on Machine Learning},
    series = {ICML '01},
    year = {2001},
    isbn = {1-55860-778-1},
    pages = {282--289},
    numpages = {8},
    url = {http://dl.acm.org/citation.cfm?id=645530.655813},
    acmid = {655813},
    publisher = {Morgan Kaufmann Publishers Inc.},
    address = {San Francisco, CA, USA},
}

@incollection{inference_crf,
title = {Efficient Inference in Fully Connected CRFs with Gaussian Edge Potentials},
author = {Philipp Kr\"{a}henb\"{u}hl and Koltun, Vladlen},
booktitle = {Advances in Neural Information Processing Systems 24},
pages = {109--117},
year = {2011},
publisher = {Curran Associates, Inc.},
}



@article{Nowozin,
    author = {Nowozin, Sebastian and Lampert, Christoph H.},
    title = {Structured Learning and Prediction in Computer Vision},
    journal = {Found. Trends. Comput. Graph. Vis.},
    issue_date = {March 2011},
    volume = {6},
    number = {3\&\#8211;4},
    month = mar,
    year = {2011},
    issn = {1572-2740},
    pages = {185--365},
    numpages = {181},
    url = {http://dx.doi.org/10.1561/0600000033},
    doi = {10.1561/0600000033},
    acmid = {2185834},
    publisher = {Now Publishers Inc.},
    address = {Hanover, MA, USA},
} 

@book{markov_blake,
 author = {Blake, Andrew and Kohli, Pushmeet and Rother, Carsten},
 title = {Markov Random Fields for Vision and Image Processing},
 year = {2011},
 isbn = {0262015773, 9780262015776},
 publisher = {The MIT Press},
} 

@INPROCEEDINGS{bayes_pearl,
    author = {Judea Pearl},
    title = {Reverend Bayes on inference engines: a distributed hierarchical approach},
    booktitle = {in Proceedings of the National Conference on Artificial Intelligence},
    year = {1982},
    pages = {133--136}
}


@incollection{lbp,
    author = {Yedidia, Jonathan S. and Freeman, William T. and Weiss, Yair},
    chapter = {Understanding Belief Propagation and Its Generalizations},
    title = {Exploring Artificial Intelligence in the New Millennium},
    editor = {Lakemeyer, Gerhard and Nebel, Bernhard},
    year = {2003},
    isbn = {1-55860-811-7},
    pages = {239--269},
    numpages = {31},
    url = {http://dl.acm.org/citation.cfm?id=779343.779352},
    acmid = {779352},
    publisher = {Morgan Kaufmann Publishers Inc.},
    address = {San Francisco, CA, USA},
} 

@article{lbp_byung,
  author    = {Byung{-}Hak Kim and
               Arvind Yedla and
               Henry D. Pfister},
  title     = {Message-Passing Inference on a Factor Graph for Collaborative Filtering},
  journal   = {CoRR},
  volume    = {abs/1004.1003},
  year      = {2010},
  url       = {http://arxiv.org/abs/1004.1003},
  archivePrefix = {arXiv},
  eprint    = {1004.1003},
  timestamp = {Mon, 13 Aug 2018 16:46:21 +0200},
  biburl    = {https://dblp.org/rec/bib/journals/corr/abs-1004-1003},
  bibsource = {dblp computer science bibliography, https://dblp.org}
}

@article{MRFSurvey,
    title = {Markov Random Field Modeling, Inference \& Learning in Computer Vision \& Image Understanding: A Survey},
    author = {Wang, Chaohui and Komodakis, Nikos and Paragios, Nikos},
    journal = {Computer Vision and Image Understanding (CVIU)},
    volume = {117},
    number = {11},
    pages = {1610-1627},
    month = nov,
    year = {2013},
    month_numeric = {11}
}

@inproceedings{optimisation_deep_learning,
    author = {Le, Quoc V. and Ngiam, Jiquan and Coates, Adam and Lahiri, Abhik and Prochnow, Bobby and Ng, Andrew Y.},
    title = {On Optimization Methods for Deep Learning},
    booktitle = {Proceedings of the 28th International Conference on International Conference on Machine Learning},
    series = {ICML'11},
    year = {2011},
    isbn = {978-1-4503-0619-5},
    location = {Bellevue, Washington, USA},
    pages = {265--272},
    numpages = {8},
    url = {http://dl.acm.org/citation.cfm?id=3104482.3104516},
    acmid = {3104516},
    publisher = {Omnipress},
    address = {USA},
} 
