@misc{voc, url={http://host.robots.ox.ac.uk/pascal/VOC/voc2012/index.html}, journal={PASCAL VOC Challenge performance evaluation server}}