
@misc{voc,
    journal={PASCAL VOC Challenge performance evaluation server},
    title = {PASCAL VOC},
    howpublished = {\url{http://host.robots.ox.ac.uk/pascal/VOC/voc2012/index.html/}},
    note = "[Online; accessed 19.06.2018]"
}


@misc{python_h2o,
    title = {AutoML: Automatic Machine Learning},
    howpublished = {\url{http://docs.h2o.ai/h2o/latest-stable/h2o-docs/automl.html/}},
    note = "[Online; accessed 16.01.2019]"
}

@misc{python_tpot,
    title = {TPOT: Data Science Assistant},
    howpublished = {\url{https://epistasislab.github.io/tpot/}},
    note = "[Online; accessed 16.01.2019]"
}

@misc{python_auto-sklearn,
    title = {auto-sklearn},
    howpublished = {\url{https://automl.github.io/auto-sklearn/stable/}},
    note = "[Online; accessed 16.01.2019]"
}


